@article{Harper:1999:PD:968578.968582,
 author = {Harper, Robert},
 title = {Proof-directed Debugging},
 journal = {J. Funct. Program.},
 issue_date = {July 1999},
 volume = {9},
 number = {4},
 month = jul,
 year = {1999},
 issn = {0956-7968},
 pages = {463--469},
 numpages = {7},
 url = {http://dx.doi.org/10.1017/S0956796899003378},
 doi = {10.1017/S0956796899003378},
 acmid = {968582},
 publisher = {Cambridge University Press},
 address = {New York, NY, USA},
}